@article{dataset,
    author  = "Kuzilek, J., Hlosta, M. & Zdrahal, Z. ",
    title   = "{O}pen {U}niversity {L}earning {A}nalytics Dataset",
    year    = "2017",
    journal = "Sci Data",
    volume  = "4",
    number  = "170171",
}
